% Encoding: UTF-8

@Book{Pitts2013,
  author    = {Andrew M. Pitts},
  publisher = {Cambridge University Press},
  title     = {{Nominal} {Sets}: {Names} and {Symmetry} in {Computer} {Science}},
  year      = {2013},
  address   = {Cambridge},
  isbn      = {9781139084673},
  number    = {57},
  series    = {Cambridge Tracts in Theoretical Computer Science},
  doi       = {10.1017/cbo9781139084673},
  owner     = {Fabrício},
  timestamp = {2021-05-18},
}

@Article{Copello2016,
  author    = {Ernesto Copello and {\'{A}}lvaro Tasistro and Nora Szasz and Ana Bove and Maribel Fern{\'{a}}ndez},
  journal   = {Electronic Notes in Theoretical Computer Science},
  title     = {Alpha-Structural Induction and Recursion for the Lambda Calculus in Constructive Type Theory},
  year      = {2016},
  month     = {jul},
  pages     = {109--124},
  volume    = {323},
  doi       = {10.1016/j.entcs.2016.06.008},
  publisher = {Elsevier {BV}},
}

@Article{Copello2018,
  author    = {Ernesto Copello and Nora Szasz and {\'{A}}lvaro Tasistro},
  journal   = {Electronic Notes in Theoretical Computer Science},
  title     = {Machine-checked Proof of the Church-Rosser Theorem for the Lambda Calculus Using the Barendregt Variable Convention in Constructive Type Theory},
  year      = {2018},
  month     = {oct},
  pages     = {79--95},
  volume    = {338},
  doi       = {10.1016/j.entcs.2018.10.006},
  publisher = {Elsevier {BV}},
}

@Article{Ambal2020,
  author    = {Guillaume Ambal and Sergueï Lenglet and Alan Schmitt},
  journal   = {Journal of Automated Reasoning},
  title     = {{HO}{$\pi$} in {Coq}},
  year      = {2020},
  month     = {sep},
  number    = {1},
  pages     = {75--124},
  volume    = {65},
  doi       = {10.1007/s10817-020-09553-0},
  publisher = {Springer Science and Business Media {LLC}},
}

@Article{AyalaRincon2019,
  author    = {Mauricio Ayala-Rinc{\'{o}}n and Washington de Carvalho-Segundo and Maribel Fern{\'{a}}ndez and Daniele Nantes-Sobrinho and Ana Cristina Rocha-Oliveira},
  journal   = {Theoretical Computer Science},
  title     = {A formalisation of nominal $\alpha$-equivalence with A, C, and {AC} function symbols},
  year      = {2019},
  month     = {aug},
  pages     = {3--23},
  volume    = {781},
  doi       = {10.1016/j.tcs.2019.02.020},
  publisher = {Elsevier {BV}},
}

@Article{Shinwell2006,
  author    = {Mark R. Shinwell},
  journal   = {Electronic Notes in Theoretical Computer Science},
  title     = {Fresh {OC}aml: Nominal Abstract Syntax for the Masses},
  year      = {2006},
  month     = {mar},
  number    = {2},
  pages     = {53--77},
  volume    = {148},
  doi       = {10.1016/j.entcs.2005.11.040},
  publisher = {Elsevier {BV}},
}

@Article{Tasistro2015,
  author    = {{\'{A}}lvaro Tasistro and Ernesto Copello and Nora Szasz},
  journal   = {Electronic Notes in Theoretical Computer Science},
  title     = {Formalisation in Constructive Type Theory of Stoughton's Substitution for the Lambda Calculus},
  year      = {2015},
  month     = {apr},
  pages     = {215--230},
  volume    = {312},
  doi       = {10.1016/j.entcs.2015.04.013},
  publisher = {Elsevier {BV}},
}

@Article{Aydemir2007,
  author    = {Brian Aydemir and Aaron Bohannon and Stephanie Weirich},
  journal   = {Electronic Notes in Theoretical Computer Science},
  title     = {Nominal Reasoning Techniques in {Coq}},
  year      = {2007},
  month     = {jun},
  number    = {5},
  pages     = {69--77},
  volume    = {174},
  doi       = {10.1016/j.entcs.2007.01.028},
  publisher = {Elsevier {BV}},
}

@InProceedings{Weirich2011,
  author    = {Stephanie Weirich and Brent A. Yorgey and Tim Sheard},
  booktitle = {Proceeding of the 16th {ACM} {SIGPLAN} international conference on Functional programming - {ICFP} {\textquotesingle}11},
  title     = {Binders unbound},
  year      = {2011},
  publisher = {{ACM} Press},
  doi       = {10.1145/2034773.2034818},
}

@MastersThesis{Choudhury2015,
  author = {Pritam Choudhury},
  school = {University of Cambridge},
  title  = {Constructive Representation of Nominal Sets in {Agda}},
  year   = {2015},
  month  = jun,
  type   = {mathesis},
}

@Article{Urban2008,
  author    = {Christian Urban},
  journal   = {Journal of Automated Reasoning},
  title     = {Nominal Techniques in {Isabelle}/{HOL}},
  year      = {2008},
  month     = {mar},
  number    = {4},
  pages     = {327--356},
  volume    = {40},
  doi       = {10.1007/s10817-008-9097-2},
  publisher = {Springer Science and Business Media {LLC}},
}

@InProceedings{Aydemir2008,
  author    = {Brian Aydemir and Arthur Chargu{\'{e}}raud and Benjamin C. Pierce and Randy Pollack and Stephanie Weirich},
  booktitle = {Proceedings of the 35th annual {ACM} {SIGPLAN}-{SIGACT} symposium on Principles of programming languages - {POPL} {\textquotesingle}08},
  title     = {Engineering formal metatheory},
  year      = {2008},
  publisher = {{ACM} Press},
  doi       = {10.1145/1328438.1328443},
}

@Comment{jabref-meta: databaseType:bibtex;}
